<record><leader>00000cas a22000007a 4500</leader><controlfield tag="001">27424698</controlfield><controlfield tag="008">930212d18611864cauwr ne      0    0eng d</controlfield><datafield ind1=" " ind2=" " tag="010"><subfield code="a">sn 93059160 </subfield></datafield><datafield ind1=" " ind2=" " tag="040"><subfield code="a">MGN</subfield><subfield code="b">eng</subfield><subfield code="c">MGN</subfield><subfield code="d">CNK</subfield><subfield code="d">OCL</subfield><subfield code="d">OCLCQ</subfield><subfield code="d">OCLCF</subfield><subfield code="d">OCLCO</subfield></datafield><datafield ind1=" " ind2=" " tag="042"><subfield code="a">msc</subfield></datafield><datafield ind1=" " ind2=" " tag="043"><subfield code="a">n-us-ca</subfield></datafield><datafield ind1="0" ind2=" " tag="130"><subfield code="a">American flag (Sonora, Calif.)</subfield></datafield><datafield ind1="1" ind2="4" tag="245"><subfield code="a">The American flag.</subfield></datafield><datafield ind1=" " ind2=" " tag="260"><subfield code="a">Sonora, Tuolumne Co., Cal. :</subfield><subfield code="b">Seth G. Sneden</subfield></datafield><datafield ind1=" " ind2=" " tag="300"><subfield code="a">v.</subfield></datafield><datafield ind1=" " ind2=" " tag="310"><subfield code="a">Weekly</subfield></datafield><datafield ind1="0" ind2=" " tag="362"><subfield code="a">Vol. 1, no. 1 (Nov. 28, 1861)-v. 3, no. 12 (Feb. 18, 1864).</subfield></datafield><datafield ind1=" " ind2="0" tag="651"><subfield code="a">Sonora (Calif.)</subfield><subfield code="v">Newspapers.</subfield></datafield><datafield ind1=" " ind2="7" tag="655"><subfield code="a">Newspapers.</subfield><subfield code="2">fast</subfield><subfield code="0">(OCoLC)fst01423814</subfield></datafield><datafield ind1=" " ind2="7" tag="651"><subfield code="a">California</subfield><subfield code="z">Sonora.</subfield><subfield code="2">fast</subfield><subfield code="0">(OCoLC)fst01215514</subfield></datafield><datafield ind1=" " ind2=" " tag="752"><subfield code="a">United States</subfield><subfield code="b">California</subfield><subfield code="c">Tuolumne</subfield><subfield code="d">Sonora.</subfield></datafield><datafield ind1="0" ind2="0" tag="785"><subfield code="t">Weekly American flag</subfield><subfield code="w">(DLC)sn 84031806</subfield></datafield></record>